@article{CITEKEY,
author = {Example Author},
title = {A Title},
volume = {9000},
journal = {Journal of Journal Stuff},
number = {7},
publisher = {Institute of Statistics},
pages = {894 -- 942},
year = {2025},
url = {https://www.slds.stat.uni-muenchen.de/}
}

@article{KITTEN,
author = {Neo},
title = {placecats.com},
publisher = {The Internet},
volume = {9000},
journal = {Journal of Journal Stuff},
number = {7},
pages = {894 -- 942},
year = {2025},
url = {https://placecats.com}
}
